@article{orangeBook,
    title = {The Legrand Orange Book},
    year = {2008},
    note = {\url{http://www.latextemplates.com/template/legrand-orange-book}}
    }
@article{elegantBook,
    title = {ElegantBook},
    year = {2022},
    note = {\url{https://github.com/ElegantLaTeX/ElegantBook}}
    }
